%مراجع خود را در این قسمت وارد کنید.
% دستوری برای کوچک کردن اندازه فونت‌ها 
%یک مثال را در زیر می‌بینید.

@inproceedings{shafiq2016network,
  title={Network traffic classification techniques and comparative analysis using machine learning algorithms},
  author={Shafiq, Muhammad and Yu, Xiangzhan and Laghari, Asif Ali and Yao, Lu and Karn, Nabin Kumar and Abdessamia, Foudil},
  booktitle={2016 2nd IEEE International Conference on Computer and Communications (ICCC)},
  pages={2451--2455},
  year={2016},
  organization={IEEE}
}


@article{jamuna2013efficient,
  title={Efficient Flow based Network Traffic Classification using Machine Learning},
  author={Jamuna, A and others},
  year={2013},
  publisher={Citeseer}
}


@misc{iana,
  title = {Internet Assigned Numbers Authority (IANA)},
  howpublished = {\url{https://www.iana.org/assignments/protocol-numbers/protocol-numbers.xhtml}},
  note = {Accessed: 2021-05-01}
}

@misc{idad,
  title = {Internet Assigned Numbers Authority (IANA)},
  howpublished = {\url{https://www.iana.org/assignments/protocol-numbers/protocol-numbers.xhtml}},
  note = {Accessed: 2021-05-01}
}

@misc{dpdk_2021, title={Home}, note={https://www.dpdk.org/}, journal={DPDK}, year={2021}, month={Aug}} 

@article{jangal,
  title={طبقه بندی ترافیک شبکه با استفاده از الگوریتم جنگل تصادفی بهبودیافته},
  author={زهره امینی خویی},
  publisher={علوم رایانشی},
  year={1396},
 LANGUAGE ={Persian}
}